% Encoding: UTF-8

@Article{Havercroft2012,
  author    = {Havercroft, WG and Didelez, V},
  title     = {Simulating from marginal structural models with time-dependent confounding},
  journal   = {Statistics in medicine},
  year      = {2012},
  volume    = {31},
  number    = {30},
  pages     = {4190--4206},
  publisher = {Wiley Online Library},
}

@Article{Cole2008,
  author    = {Cole, Stephen R and Hern{\'a}n, Miguel A},
  title     = {Constructing inverse probability weights for marginal structural models},
  journal   = {American journal of epidemiology},
  year      = {2008},
  volume    = {168},
  number    = {6},
  pages     = {656--664},
  publisher = {Oxford University Press},
}

@Book{Pearl2009,
  title     = {Causality},
  publisher = {Cambridge university press},
  year      = {2009},
  author    = {Pearl, Judea},
}

@Misc{Robins2000,
  author    = {Robins, James M and Hernan, Miguel Angel and Brumback, Babette},
  title     = {Marginal structural models and causal inference in epidemiology},
  year      = {2000},
  publisher = {LWW},
}

@Article{Mortimer2005,
  author    = {Mortimer, Kathleen M and Neugebauer, Romain and Van Der Laan, Mark and Tager, Ira B},
  title     = {An application of model-fitting procedures for marginal structural models},
  journal   = {American Journal of Epidemiology},
  year      = {2005},
  volume    = {162},
  number    = {4},
  pages     = {382--388},
  publisher = {Oxford University Press},
}

@Article{Messer2010,
  author    = {Messer, Lynne C and Oakes, J Michael and Mason, Susan},
  title     = {Effects of socioeconomic and racial residential segregation on preterm birth: a cautionary tale of structural confounding},
  journal   = {American journal of epidemiology},
  year      = {2010},
  volume    = {171},
  number    = {6},
  pages     = {664--673},
  publisher = {Oxford University Press},
}

@Article{Cheng2010,
  author    = {Cheng, Yvonne W and Hubbard, Alan and Caughey, Aaron B and Tager, Ira B},
  title     = {The association between persistent fetal occiput posterior position and perinatal outcomes: an example of propensity score and covariate distance matching},
  journal   = {American journal of epidemiology},
  year      = {2010},
  volume    = {171},
  number    = {6},
  pages     = {656--663},
  publisher = {Oxford University Press},
}

@Article{Westreich2010,
  author    = {Westreich, Daniel and Cole, Stephen R},
  title     = {Invited commentary: positivity in practice},
  journal   = {American journal of epidemiology},
  year      = {2010},
  volume    = {171},
  number    = {6},
  pages     = {674--677},
  publisher = {Oxford University Press},
}

@Article{Hernan2004,
  author    = {Hern{\'a}n, Miguel A and Hern{\'a}ndez-D{\'\i}az, Sonia and Robins, James M},
  title     = {A structural approach to selection bias},
  journal   = {Epidemiology},
  year      = {2004},
  volume    = {15},
  number    = {5},
  pages     = {615--625},
  publisher = {LWW},
}

@Article{Sjoelander2016,
  author    = {Sj{\"o}lander, Arvid and Dahlqwist, Elisabeth and Zetterqvist, Johan},
  title     = {A note on the noncollapsibility of rate differences and rate ratios},
  journal   = {Epidemiology},
  year      = {2016},
  volume    = {27},
  number    = {3},
  pages     = {356--359},
  publisher = {LWW},
}

@Article{Greenland1999,
  author    = {Greenland, Sander and Robins, James M and Pearl, Judea},
  title     = {Confounding and collapsibility in causal inference},
  journal   = {Statistical science},
  year      = {1999},
  pages     = {29--46},
  publisher = {JSTOR},
}

@InCollection{Robins2000a,
  author        = {Robins, James M},
  title         = {Marginal structural models versus structural nested models as tools for causal inference},
  booktitle     = {Statistical models in epidemiology, the environment, and clinical trials},
  publisher     = {Springer},
  year          = {2000},
  pages         = {95--133},
  __markedentry = {[morle001:]},
}

@Article{Edwards2015,
  author        = {Edwards, Jessie K and Cole, Stephen R and Westreich, Daniel},
  title         = {All your data are always missing: incorporating bias due to measurement error into the potential outcomes framework},
  journal       = {International journal of epidemiology},
  year          = {2015},
  volume        = {44},
  number        = {4},
  pages         = {1452--1459},
  __markedentry = {[morle001:6]},
  publisher     = {Oxford University Press},
}

@Comment{jabref-meta: databaseType:bibtex;}
